% =========================================================
% sources.bib
% =========================================================
% Bibliography sources for the final project

% ---------------------------------------------------------
% nist-kyber
% ---------------------------------------------------------

@misc{nist-kyber,
  author   = {Gorjan Alagic and others},
  title    = {{Status Report on the Third Round of the NIST Post-Quantum Cryptography Standardization Process}},
  year     = {2022},
  month    = jul,
  doi      = {https://doi.org/10.6028/NIST.IR.8413-upd1},
  url      = {https://doi.org/10.6028/NIST.IR.8413-upd1},
  language = {en}
}

% ---------------------------------------------------------
% nist-standards
% ---------------------------------------------------------

@misc{nist-standards,
  author    = {Barker, Elaine},
  title     = {{Recommendation for Key Management}},
  year      = 2020,
  month     = may,
  publisher = {Special Publication (NIST SP), National Institute of Standards and Technology, Gaithersburg, MD},
  doi       = {https://doi.org/10.6028/NIST.SP.800-57pt1r5},
  url       = {https://doi.org/10.6028/NIST.SP.800-57pt1r5},
  language  = {en}
}

% ---------------------------------------------------------
% quantum-law
% ---------------------------------------------------------

@misc{quantum-law,
  howpublished = {44 U.S.C. {\S} 3502, 3552 and 3553 Chapter 35},
  journal      = {law},
  title        = {{Quantum Computing Cybersecurity Preparedness Act}},
  year         = 2022,
  month        = dec,
  url          = {https://www.govinfo.gov/app/details/PLAW-117publ260/summary}
}

% ---------------------------------------------------------
% shor
% ---------------------------------------------------------

@inproceedings{shor,
  author    = {Shor, P.W.},
  booktitle = {Proceedings 35th Annual Symposium on Foundations of Computer Science},
  title     = {{Algorithms for Quantum Computation: Discrete Logarithms and Factoring}},
  year      = {1994},
  volume    = {},
  number    = {},
  pages     = {124-134},
  doi       = {10.1109/SFCS.1994.365700},
  url       = {https://ieeexplore.ieee.org/document/365700},
  note      = {\href{https://arxiv.org/abs/quant-ph/9508027}{Revised in 1996}}
}

% ---------------------------------------------------------
% threat-report
% ---------------------------------------------------------

@misc{threat-report,
  author = {{Global Risk Institute}},
  title  = {{2024 Quantum Threat Timeline Report}},
  year   = 2024,
  month  = dec,
  note   = {Accessed December 10th, 2024},
  url    = {https://globalriskinstitute.org/publication/2024-quantum-threat-timeline-report/}
}

% ---------------------------------------------------------
% willow
% ---------------------------------------------------------

@misc{willow,
  author  = {Hartmut Neven},
  title   = {{Meet Willow, our state-of-the-art quantum chip}},
  year    = 2024,
  month   = dec,
  url     = {https://blog.google/technology/research/google-willow-quantum-chip/},
  urldate = {2024-12-10}
}

% ---------------------------------------------------------
% crystals-kyber
% ---------------------------------------------------------

@inproceedings{crystals-kyber,
  title        = {CRYSTALS-Kyber: a CCA-secure module-lattice-based KEM},
  author       = {Bos, Joppe and Ducas, L{\'e}o and Kiltz, Eike and Lepoint, Tancr{\`e}de and Lyubashevsky, Vadim and Schanck, John M and Schwabe, Peter and Seiler, Gregor and Stehl{\'e}, Damien},
  booktitle    = {2018 IEEE European Symposium on Security and Privacy (EuroS\&P)},
  pages        = {353--367},
  year         = {2018},
  organization = {IEEE}
}

% ---------------------------------------------------------
% lwe
% ---------------------------------------------------------

@inproceedings{lwe,
  title     = {Classical hardness of learning with errors},
  author    = {Brakerski, Zvika and Langlois, Adeline and Peikert, Chris and Regev, Oded and Stehl{\'e}, Damien},
  booktitle = {Proceedings of the forty-fifth annual ACM symposium on Theory of computing},
  pages     = {575--584},
  year      = {2013}
}
